% book
% Required fields: author or editor, title, publisher, year. 
% Optional fields: volume or number, series, address, edition, month, note.
@article{10.1145/3510832,
	author = {Paissan, Francesco and Ancilotto, Alberto and Farella, Elisabetta},
	title = {PhiNets: A Scalable Backbone for Low-Power AI at the Edge},
	year = {2022},
	publisher = {Association for Computing Machinery},
	address = {New York, NY, USA},
	url = {https://doi.org/10.1145/3510832},
	doi = {10.1145/3510832},
	journal = {ACM Trans. Embed. Comput. Syst.},
}

@article{10.1093,
    author = {Siddiqui, Shoaib and Salman, Ahmad and Malik, Imran and Shafait, Faisal and Mian, Ajmal and Shortis, Mark and Harvey, Euan},
    year = {2017},
    month = {05},
    pages = {},
    title = {Automatic fish species classification in underwater videos: Exploiting pretrained deep neural network models to compensate for limited labelled data},
    volume = {75},
    journal = {ICES Journal of Marine Science},
    doi = {10.1093/icesjms/fsx109}
}

@misc{datasets,
  title = {Datasets: cifar-10 $\&$ cifar-100},
  author = {Alex Krizhevsky},
  howpublished = {https://www.cs.toronto.edu/$\sim$kriz/cifar.html}
}

@article{1502.01852,
  author = {Kaiming He and Xiangyu Zhang and Shaoqing Ren and Jian Sun},
  title = {Delving Deep into Rectifiers: Surpassing Human-Level Performance on ImageNet Classification},
  journal = {CoRR},
  volume = {abs/1502.01852},
  year = {2015},
  url = {http://arxiv.org/abs/1502.01852}
}

@article{MobileNets, 
  author = {Andrew G. Howard and Menglong Zhu and Bo Chen and Dmitry Kalenichenko and Weijun Wang and Tobias Weyand and Marco Andreetto and Hartwig Adam}, 
  title = {MobileNets: Efficient Convolutional Neural Networks for Mobile Vision Applications}, 
  journal = {CoRR}, 
  year = {2017}, 
  volume = {abs/1704.04861}, 
  url = {http://arxiv.org/abs/1704.04861}, 
  eprinttype = {arXiv}, 
  eprint = {1704.04861}
}

@article{EfficientNet,
  title={EfficientNet: Rethinking Model Scaling for Convolutional Neural Networks},
  author={Mingxing Tan and Quoc V. Le},
  journal={ArXiv},
  year={2019},
  volume={abs/1905.11946}
}

@article{MCUNet,
  title={MCUNet: Tiny Deep Learning on IoT Devices},
  author={Ji Lin and Wei-Ming Chen and Yujun Lin and John Cohn and Chuang Gan and Song Han},
  journal={ArXiv},
  year={2020},
  volume={abs/2007.10319}
}

@article{ResNet,
  title={Deep Residual Learning for Image Recognition},
  author={Kaiming He and X. Zhang and Shaoqing Ren and Jian Sun},
  journal={2016 IEEE Conference on Computer Vision and Pattern Recognition (CVPR)},
  year={2015},
  pages={770-778}
}

@misc{linearprobes,
  title={Understanding intermediate layers using linear classifier probes}, 
  author={Guillaume Alain and Yoshua Bengio},
  year={2018},
  eprint={1610.01644},
  archivePrefix={arXiv},
  primaryClass={stat.ML}
}

@misc{chinchilla,
  title={Training Compute-Optimal Large Language Models}, 
  author={Jordan Hoffmann and Sebastian Borgeaud and Arthur Mensch and Elena Buchatskaya and Trevor Cai and Eliza Rutherford and Diego de Las Casas and Lisa Anne Hendricks and Johannes Welbl and Aidan Clark and Tom Hennigan and Eric Noland and Katie Millican and George van den Driessche and Bogdan Damoc and Aurelia Guy and Simon Osindero and Karen Simonyan and Erich Elsen and Jack W. Rae and Oriol Vinyals and Laurent Sifre},
  year={2022},
  eprint={2203.15556},
  archivePrefix={arXiv},
  primaryClass={cs.CL}
}

@misc{mobilenetv2,
  title={MobileNetV2: Inverted Residuals and Linear Bottlenecks}, 
  author={Mark Sandler and Andrew Howard and Menglong Zhu and Andrey Zhmoginov and Liang-Chieh Chen},
  year={2019},
  eprint={1801.04381},
  archivePrefix={arXiv},
  primaryClass={cs.CV}
}

@article{deeplearning,
  author = {LeCun Yann and Bengio Yoshua and Hinton Geoffrey},
  title = {Deep learning},
  year = {2015},
  url = {https://doi.org/10.1038/nature14539},
  journal = {Nature},
}

@misc{augdata,
  title={The Effectiveness of Data Augmentation in Image Classification using Deep Learning}, 
  author={Luis Perez and Jason Wang},
  year={2017},
  eprint={1712.04621},
  archivePrefix={arXiv},
  primaryClass={cs.CV}
}

@misc{timm,
  title = {Pytorch image models (timm)},
  author = {Ross Wightman},
  howpublished = {https://github.com/huggingface/pytorch-image-models}
}

@misc{lamb,
  title={Large Batch Optimization for Deep Learning: Training BERT in 76 minutes}, 
  author={Yang You and Jing Li and Sashank Reddi and Jonathan Hseu and Sanjiv Kumar and Srinadh Bhojanapalli and Xiaodan Song and James Demmel and Kurt Keutzer and Cho-Jui Hsieh},
  year={2020},
  eprint={1904.00962},
  archivePrefix={arXiv},
  primaryClass={cs.LG}
}

@misc{micromind,
  title = {micromind toolkit},
  author = {{Francesco Paissan, Alberto Ancillotto, Matteo Beltrami, Mariam Jamal, Elisabetta Farella}},
  howpublished = {https://github.com/micromind-toolkit/micromind}
}

% article
% Required fields: author, title, journal, year. 
% Optional fields: volume, number, pages, month, note.

% conference
% same as inproceedings
% Required fields: author, title, booktitle, year. 
% Optional fields: editor, volume or number, series, pages, address, month, organization, publisher, note

% website
% as misc
% Required fields: none. 
% Optional fields: author, title, howpublished, month, year, note.


